@Book{HanDerreToby,
  author = 	 {Solomon, C.J. and Breckon, T.P.},
  title = 	 {Fundamentals of Digital Image Processing: A Practical Approach with Examples in Matlab},
  publisher = 	 {Wiley-Blackwell},
  year = 	 {2010},
  isbn = {0470844736},
  doi = 	 {10.1002/9780470689776},
  note = {ISBN-13: 978-0470844731},
}

@book{The_holy_grail_of_DL,
    title={Deep Learning},
    author={Ian Goodfellow and Yoshua Bengio and Aaron Courville},
    publisher={MIT Press},
    note={\url{http://www.deeplearningbook.org}},
    year={2016}
}

@book{tom_mitchell,
    title={Machine Learning},
    author={Tom Mitchell and McGraw Hill},
    note={\url{http://www.cs.cmu.edu/afs/cs.cmu.edu/user/mitchell/ftp/mlbook.html}},
    year={1997},
    isbn = {0070428077}
}

@Book{Francois_Deep_learning_with_python,
  author = 	 {François Chollet},
  title = 	 {Deep Learning with Python},
  publisher = 	 {Manning Publications},
  year = 	 {2017},
  isbn = {9781617294433},
}

@article{Senthilkumaran,
  author = "Senthilkumaran, N. and Vaithegi, S. ",
  year = "2003",
  title = "IMAGE SEGMENTATION BY USING THRESHOLDING TECHNIQUES FOR MEDICAL IMAGES",
  journal = "Computer Science \& Engineering: An International Journal (CSEIJ), Vol.6, No.1, February 2016",
  volume = "6",
}

@misc{website:Keras_doc,
      title = "Usage of callbacks",
      url = "https://keras.io/callbacks/#tensorboard",
      urldate = "2019-03-20"
}

@misc{website:deepscene_freiburg_forest_website,
      authors = "Abhinav Valada, Rohit Mohan, Wolfram Burgard",    
      title = "DeepScene",
      url = "http://deepscene.cs.uni-freiburg.de/",
      urldate = "2019-05-09"
}

@misc{website:u_net,
      title = "U-Net: Convolutional Networks for Biomedical Image Segmentation",
      url = "https://lmb.informatik.uni-freiburg.de/people/ronneber/u-net/",
      urldate = "2019-04-21"
}

@misc{website:cnn,
      authors = "Saeed Reza Kheradpisheh, Masoud Ghodrati, Mohammad Ganjtabesh, Timothée Masquelier",
      title = "Deep Networks Can Resemble Human Feed-forward Vision in Invariant Object Recognition",
      url = "https://www.nature.com/articles/srep32672.pdf",
      urldate = "2019-05-14"
}

@misc{website:u_net_article,
      title = "U-Net: Convolutional Networks for Biomedical Image Segmentation",
      authors = "Olaf Ronneberger, Philipp Fischer, Thomas Brox",
      url = "https://arxiv.org/pdf/1505.04597.pdf",
      urldate = "2019-05-06"
}

@misc{website:u-net_implementation,
      title = "Keras U-Net starter - LB 0.277",
      author = "Kjetil Åmdal-Sævik",
      url = "https://www.kaggle.com/keegil/keras-u-net-starter-lb-0-277",
      urldate = "2019-04-30"
}

@misc{website:overfitting_underfitting,
      title = "Underfitting vs. Overfitting",
      url = "https://scikit-learn.org/stable/auto_examples/model_selection/plot_underfitting_overfitting.html",
      urldate = "2019-03-29"
}

@misc{website:labelme,
      title = "Image Polygonal Annotation with Python (polygon, rectangle, circle, line, point and image-level flag annotation).",
      author = "Kentaro Wada",
      url = "https://github.com/wkentaro/labelme",
      urldate = "2019-04-03"
}

@misc{website:cs231n,
      title = "Convolutional Neural Networks: Architectures, Convolution / Pooling Layers",
      url = "http://cs231n.github.io/convolutional-networks/",
      urldate = "2019-04-04"
      
}

@misc{website:cs231n_activation_functions,
      title = "Neural Networks Part 1: Setting up the Architecture",
      url = "http://cs231n.github.io/neural-networks-1/",
      urldate = "2019-04-15"
      
}

@misc{website:epoch,
      title = "What is an epoch in deep learning?",
      url = "https://www.quora.com/What-is-an-epoch-in-deep-learning",
      urldate = "2019-05-11"
      
}

@misc{website:slp_mlp,
      title = "Multi-Layer Neural Networks with Sigmoid Function— Deep Learning for Rookies (2)",
      url = "https://towardsdatascience.com/multi-layer-neural-networks-with-sigmoid-function-deep-learning-for-rookies-2-bf464f09eb7f",
      author = "Nahua Kang",
      urldate = "2019-04-08"
      
}

@misc{website:inf_4490_slp,
      title = "Intro to machine learning and single-layer neural networks",
      url = "https://www.uio.no/studier/emner/matnat/ifi/INF3490/h18/timeplan/slides/lecture5-6pp.pdf",
      author = "Kai Olav Ellefsen",
      urldate = "2019-04-08"
      
}

@misc{website:inf_4490_mlp,
      title = "Multi-Layer Neural Networks",
      url = "https://www.uio.no/studier/emner/matnat/ifi/INF3490/h18/timeplan/slides/lecture6-6pp.pdf",
      author = "Kai Olav Ellefsen",
      urldate = "2019-04-08"
      
}

@misc{website:mcCulloch_img,
      title = "Walter Pitts and Neural Nets",
      url = "https://spartanideas.msu.edu/2017/05/16/walter-pitts-and-neural-nets/",
      urldate = "2019-04-07"
      
}

@misc{website:layers_features,
      title = "What exactly does CNN see?",
      author = "Jinde Shubham",
      url = "https://becominghuman.ai/what-exactly-does-cnn-see-4d436d8e6e52",
      urldate = "2019-05-01"
      
}

@misc{website:u-net_method,
      title = "U-Net",
      url = "http://www.deeplearning.net/tutorial/unet.html",
      urldate = "2019-05-01"
      
}

@misc{website:lecture91,
      author = "Idar Dyrdal",
      title = "lecture\_9\_1\_segmentation\_2018",
      month = "Mars",
      year = "2018",
      url = "http://www.uio.no/studier/emner/matnat/its/UNIK4690/v18/lectures/lecture\_09/lecture\_9\_1\_segmentation\_2018.pdf",
      urldate = "2019-03-15"
}

@misc{website:lecture92,
      author = "Idar Dyrdal",
      title = "lecture\_9\_2\_feature\_extaction\_2018",
      month = "03",
      year = "2018",
      url = "http://www.uio.no/studier/emner/matnat/its/UNIK4690/v18/lectures/lecture\_09/lecture\_9\_2\_featureextraction\_2018.pdf",
      urldate = "2019-03-15"
      
}
@misc{website:Kai,
      author = "Kai Smith",
      title = "JuggleTracker",
      month = "07",
      year = "2014",
      url = "https://github.com/KaiSmith/JuggleTracker",
      urldate = "2019-03-14"
}

@misc{website:Stephen,
      author = "Stephen Meschke",
      title = "Juggling Data Set",
      month = "05",
      year = "2018",
      url = "https://sites.google.com/view/jugglingdataset/home",
      urldate = "2019-03-14"
}

@misc{website:maskinsyn-intro,
      authors = "Trym Vegard Haavardsholm, Idar Dyrdal, Thomas Opsahl, Ragnar Smestad",
      title = "UNIK 4690 – Maskinsyn, Introduction",
      month = "01",
      year = "2018",
      url = "https://www.uio.no/studier/emner/matnat/its/UNIK4690/v18/lectures/lecture_00/lecture_0_introduction.pdf",
      urldate = "2019-03-14"
}

@incollection{Rumelhart:1986:LIR:104279.104293,
 author = {Rumelhart, D. E. and Hinton, G. E. and Williams, R. J.},
 chapter = {Learning Internal Representations by Error Propagation},
 title = {Parallel Distributed Processing: Explorations in the Microstructure of Cognition, Vol. 1},
 editor = {Rumelhart, David E. and McClelland, James L. and PDP Research Group, CORPORATE},
 year = {1986},
 isbn = {0-262-68053-X},
 pages = {318--362},
 numpages = {45},
 url = {http://dl.acm.org/citation.cfm?id=104279.104293},
 acmid = {104293},
 publisher = {MIT Press},
 address = {Cambridge, MA, USA},
} 

@article{segmentation,
  author = "F. Meyer",
  year = "1992",
  title = "COLOR IMAGE SEGMENTATION",
  journal = " Image Processing and its Applications"
}




@article{mcculloch_pitts,
  author = "Warren S. McCulloch, Walter H. Pitts",
  year = "1943",
  title = "A Logical Calculus of the Ideas Immanent in Nervous Activity",
  journal = " Bulletin of Mathematical Biophysics, Vol. 5, 115-133"
}

@article{colorsegmentation,
  author = "H.D. Cheng, X.H. Jiang, Y. Sun, Jingli Wang",
  year = "2000",
  title = "Color image segmentation: advances and prospects",
  journal = " Pattern Recognition 34 (2001),2259-2281"
}

@article{SIFT,
  author = "David G. Lowe",
  year = "1999",
  title = "Object Recognition from Local Scale-Invariant Features",
  journal = "Computer Science Department University of British Columbia ",
  url = "http://www.cs.ubc.ca/~lowe/papers/iccv99.pdf"

}

@book{Szeliski,
Author = {Richard Szeliski},
Publisher = {Springer},
Title = {Computer Vision: Algorithms and Applications},
Year = {2010}}





@book{Linda,
Address = {New Jersey},
Author = {Linda G. Shapiro and George C. Stockman},
Publisher = {{P}rentice-Hall},
Title = {Computer Vision},
Year = {2001}}


@book{anderson,
Address = {Mahwah, New Jersey},
Author = {J. R. Anderson},
Date-Added = {2014-02-05 15:27:59 +0100},
Date-Modified = {2014-02-05 16:10:22 +0100},
Publisher = {Lawrence {E}rlbaum {A}ssociates},
Title = {The architecture of cognition},
Year = {1983}}

@book{Brown-Hwang,
Author = {Robert Grover Brown \& Patrick Y.C. Hwang},
year = {1992},
Publisher = {John Wiley \& sons, Inc},
Title = {Introduction to Random Signals and Applied Kalmanfiltering With MATLAB Exercises- 4th edition},
}

@book{Ritter,
Author = {Ritter, G. X. and Wilson, J. N.},
year = {2000},
Publisher = {CRC Press, Boca Raton, 2nd edition},
Title = {Handbook of Computer Vision Algorithms in Image
Algebra},
}

@misc{website:KCF,
      author = "João F. Henriques, Rui Caseiro, Pedro Martins, Jorge Batista",
      title = "Kernelized Correlation Filters",
      year = "2015",
      url = "http://www.robots.ox.ac.uk/~joao/circulant/index.html"
}

@misc{website:relu,
  author = "Alex Krizhevsky, Ilya Sutskever, Geoffrey E. Hinton",
  title = "ImageNet Classification with Deep Convolutional Neural Networks",
  url = "http://www.cs.toronto.edu/~fritz/absps/imagenet.pdf",
  urldate = "2019-04-16"
}

@misc{website:dropout,
  authors = "Nitish Srivastava, Geoffrey Hinton, Alex Krizhevsky, Ilya Sutskever, Ruslan Salakhutdinov",
  title = "Dropout: A Simple Way to Prevent Neural Networks from
Overfitting",
  url = "http://jmlr.org/papers/volume15/srivastava14a.old/srivastava14a.pdf",
  urldate = "2019-04-22"
}

@misc{website:kcfbilde,
      author = "João F. Henriques, Rui Caseiro, Pedro Martins, Jorge Batista",
      title = "tracking performances",
      year = "2015",
      url = "http://www.robots.ox.ac.uk/~joao/circulant/precision.png"
}

@misc{website:random_cropping,
      authors = "Marc Chaumont, Hasan Abdulrahman, Philippe Montesinos, Baptiste Magnier",
      title = "Color Images SteganalysisUsing RGB Channel Geometric Transformation Measures",
      url = "https://www.researchgate.net/publication/293043690_Color_images_steganalysis_using_rgb_channel_geometric_transformation_measures",
      urldate = "2019-04-22"
      
}

@misc{website:semantic_segmentation,
      author = "Tingwu Wang",
      title = "Semantic Segmentation",
      url = "http://www.cs.toronto.edu/~tingwuwang/semantic_segmentation.pdf",
      urldate = "2019-04-22"
      
}

@misc{website:AI,
      author = "Nikola Latinovic",
      title = "The significant difference between AI, ML and Deep Learning",
      month = "02",
      year = "2018",
      url = "https://www.usoft.com/blog/difference-between-ai-ml-and-deep-learning"
}

@misc{website:siteswap,
      author = "Colin Wright \& Andrew Lipson",
      title = "Introduction to siteswap",
      month = "May",
      year = "1996",
      url = "http://org.ntnu.no/jugglers/hjside/siteswaps.htm"
}

@misc{website:pyimagesearch,
      author = "Dr. Adrian Rosebrock",
      title = "Ball tracking withOpenCv",
      month = "September",
      year = "2015",
      url = "https://www.pyimagesearch.com/2015/09/14/ball-tracking-with-opencv/"
}

@misc{website:knnPython,
      author = "OpenCV team",
      title = "K-Nearest Neighbour",
      month = "December",
      year = "2017",
      url = "https://docs.opencv.org/3.4.0/d0/d72/tutorial_py_knn_index.html"
}

@misc{website:opencv,
      author = "OpenCV team",
      title = "OpenCV",
      year = "2018",
      url = "https://opencv.org/"
}

@misc{website:scipy,
      title = "scipy.ndimage.morphology.binary\_fill\_holes",
      year = "2015",
      url = "https://docs.scipy.org/doc/scipy-0.16.1/reference/generated/scipy.ndimage.morphology.binary_fill_holes.html",
      urldate = "2019-05-02"
}

@misc{website:pythonTutorials,
      author = "OpenCV team",
      title = "OpenCV-Python tutorials",
      month = "October",
      year = "2017",
      url = "https://docs.opencv.org/3.3.1/d6/d00/tutorial_py_root.html"
}
@misc{website:findContours,
      author = "OpenCV",
      title = "Structural Analysis and Shape Descriptors",
      year = "2018",
      url = "https://docs.opencv.org/3.4.1/d3/dc0/group__imgproc__shape.html#ga819779b9857cc2f8601e6526a3a5bc71"
}

@misc{website:imageMmoments,
      author = "Wiki",
      title = "Image - Moments - Wikipedia",
      month = "May",
      year = "2018",
      url = "https://en.wikipedia.org/wiki/Image_moment"
}

@misc{website:contours,
      author = "OpenCV-team",
      title = "Contours Features",
      month = "December",
      year = "2015",
      url = "https://docs.opencv.org/3.1.0/dd/d49/tutorial_py_contour_features.html"
}

@misc{website:medflow,
      author = "OpenCV-team",
      title = "MedianFlow",
      month = "December",
      year = "2017",
      url = "https://docs.opencv.org/3.4.0/d7/d86/classcv_1_1TrackerMedianFlow.html#details"
}


@misc{website:learnopencv,
      author = "Satya Mallick",
      title = "Object Tracking using OpenCV",
      month = "February",
      year = "2017",
      url = "http://org.ntnu.no/jugglers/hjside/siteswaps.htm"
}
@misc{website:houghcircle,
      author = "Harvey Rohdy",
      title = "Hough Circle Transform",
      month = "October",
      year = "2005",
      url = "https://www.cis.rit.edu/class/simg782/lectures/lecture_10/lec782_05_10.pdf"
}

@article{AbedonHymanThomas2003,
  author = "Abedon, S. T. and Hyman, P. and Thomas, C.",
  year = "2003",
  title = "Experimental examination of bacteriophage latent-period evolution as a response to bacterial availability",
  journal = "Applied and Environmental Microbiology",
  volume = "69",
  pages = "7499--7506"
}

@article{Hu1962,
  author = "Ming-Kuei Hu",
  year = "1962",
  title = "Visual Pattern Recognition by Moment Invariants",
  journal = "IRE TRANSACTIONS ON INFORMATION THEORY ",
  pages = "179--187"
}

@misc{website:OpenCVcnts,
      author = "OpenCV",
      title = "Contours : Getting started",
      month = "December",
      year = "2015",
      url = "https://docs.opencv.org/3.1.0/d4/d73/tutorial\_py\_contours\_begin.html"
}

@misc{website:SiteSwap2,
      author = "Juggle-Wiki",
      title = "Siteswap",
      note = "Last visited: 2018",
      url = "http://juggle.wikia.com/wiki/Siteswap#External\_links"
}

@InProceedings{freiburg_dataset_valada16iser,
author = {Abhinav Valada and Gabriel Oliveira and Thomas Brox and Wolfram Burgard},
title = {Deep Multispectral Semantic Scene Understanding of Forested Environments using Multimodal Fusion},
booktitle = {International Symposium on Experimental Robotics (ISER)},
year = {2016},
}

@InProceedings{RFB15a_u-net,
  author       = "O. Ronneberger and P.Fischer and T. Brox",
  title        = "U-Net: Convolutional Networks for Biomedical Image Segmentation",
  booktitle    = "Medical Image Computing and Computer-Assisted Intervention (MICCAI)",
  series       = "LNCS",
  volume       = "9351",
  pages        = "234--241",
  year         = "2015",
  publisher    = "Springer",
  note         = "(available on arXiv:1505.04597 [cs.CV])",
  url          = "http://lmb.informatik.uni-freiburg.de/Publications/2015/RFB15a"
}